%% This BibTeX bibliography file was created using BibDesk.
%% http://bibdesk.sourceforge.net/


%% Created for Lauro Cesar Araujo at 2013-04-05 08:03:49 -0300 


%% Saved with string encoding Unicode (UTF-8) 

@book{koschan2008,
  title={Digital Color Image Processing, first edition},
  author={Koschan, A. and Abidi, M.},
  year={2008},
  publisher={Wiley}
  %isbn={9780470230350},
  %url={http://books.google.com.br/books?id=lK8rrNJMZBoC},
}

@book{gonzalez2008,
  title={Digital Image Processing, Third Edition},
  author={Gonzalez, R.C. and Woods, R.E.},
  year={2008},
  publisher={Pearson/Prentice Hall}
  %isbn={9780131687288},
  %lccn={2009289249},
  %url={http://books.google.com.br/books?id=8uGOnjRGEzoC},
}

@book{russ2011,
  title={The Image Processing Handbook, Sixth Edition},
  author={Russ, J.C.},
  publisher={Taylor \& Francis},
  year={2011},
  %isbn={9781439840634},
  %lccn={2010043044},
  %url={http://books.google.com.br/books?id=gxXXRJWfEsoC},
}

@book{burger2009digital,
  title={Digital Image Processing: An Algorithmic Introduction Using Java},
  author={Burger, W. and Burge, M. J.},
  year={2009},
  publisher={Springer London}
  %isbn={9781846289682},
  %series={Texts in Computer Science},
  %url={https://books.google.com.br/books?id=4gBUz\_IkkSsC},
}


@book{acharya2005image,
  title={Image Processing: Principles and Applications},
  author={Acharya, T. and Ray, A. K.},
  year={2005},
  publisher={Wiley}
  %isbn={9780471745785},
  %url={https://books.google.com.br/books?id=smBw4-xvfrIC},
}

@book{moeslund2012introduction,
  title={Introduction to Video and Image Processing: Building Real Systems and Applications},
  author={Moeslund, T.B.},
  year={2012},
  publisher={Springer London}
  %isbn={9781447125037},
  %lccn={2012930996},
  %series={Undergraduate Topics in Computer Science},
  %url={https://books.google.com.br/books?id=fQdqsUyTJqIC},
}



@article{kulshrestha,
  Title                    = {Review of Color Blindness Removal Methods using Image Processing},
  pages={218-221}, 
  volume={6}, 
  journal="International Journal of Recent Research and Review",
  Author                   = {R. Kulshrestha, R.K. Bairwa},
  Year                     = {2013},
  Month={June},
  %ISSN={2277-8322},
}

@Manual{ishihara1917,
  Title                    = {Tests for colour-blindness},
  Address                  = {Tokyo: Hongo Harukicho},
  Author                   = {Ishihara, Shinobu},
  Year                     = {1917},
}

@INPROCEEDINGS{nigam2013, 
author={Nigam, P.K. and Bhattacharya, M.}, 
booktitle={Bioinformatics and Biomedicine (BIBM), 2013 IEEE International Conference on}, 
title={Colour vision deficiency correction in image processing}, 
year={2013}, 
month={Dec}, 
pages={79-79}, 
%keywords={cellular biophysics;colour vision;eye;genetics;injuries;medical image processing;neurophysiology;object recognition;vision defects;Ishihara colour test;blue-yellow colour blindness;chemical accident;colour blindness;colour pigments;colour vision deficiency correction;contrast stretching;dichromacy;genetic mutation;human eye;human vision;image processing;image receptor cell cones;image receptor cell rods;inverting function;monochromacy;nerve cells;normal colour vision;object recognition;partial colour blinded red-green colour blindness;retina;trauma;trichromacy;trichromats;Bandwidth;Blindness;Decision support systems;Image color analysis;Pigments;Ishihara test;blue yellow;colour blindness;colour vision;colour vision deficiency;deutran;dichromacy;monochromacy;protan;red-green;trichromacy;tritan}, 
%doi={10.1109/BIBM.2013.6732581},
}

@ARTICLE{mcdowell2008, 
author={Mcdowell, J.}, 
journal={Potentials, IEEE}, 
title={Design of a color sensing system to aid the color blind}, 
year={2008}, 
month={July}, 
volume={27}, 
number={4}, 
pages={34-39}, 
%keywords={biomedical electronics;colour vision;handicapped aids;image sensors;light emitting diodes;vision defects;LED;RGB values;color blindness;color sample position;color sensing device;color sensing system design;color sensors;display;homemade color sensor;light emitting diodes;microcontroller;Anodes;Clocks;Displays;Drives;Light emitting diodes;Microcontrollers;Pins;Resistors;Shift registers;Vision defects}, 
%doi={10.1109/MPOT.2008.916104}, 
%ISSN={0278-6648},
}

@MISC{colorblindnesssite,
  author =       {{Colblindor}},
  title =        {{Ishiharaâ€™s Test for Colour Deficiency:38 Plates Edition}},
  howpublished = {Online},
  year =         {2014},
  note =         {\url{http://www.color-blindness.com/2012/10/22/ishiharas-test-for-colour-deficiency38-plates-edition/} - acessado em 18/11/2014}
}

@MISC{colormax2012,
  author =       {{ColorMax}},
  title =        {{Color blind lenses}},
  howpublished = {Online},
  year =         {2012},
  note =         {\url{http://www.colormax.org/} - acessado em 19/11/2014}
}



http://getbootstrap.com/

@MISC{colorview2014,
  author =       {{ColorView}},
  title =        {{Color blind lenses}},
  howpublished = {Online},
  year =         {2014},
  note =         {\url{http://color-view.com} - acessado em 19/11/2014}
}

@MISC{chromagen2014,
  author =       {{ChromaGen}},
  title =        {{Color blind lenses}},
  howpublished = {Online},
  year =         {2014},
  note =         {\url{http://dyslexia-help.co.uk/} - acessado em 19/11/2014}
}

@MISC{ghrnlm2014,
  author =       {U.S. National Library of Medicine},
  title =        {X-Linked recessive (carrier mother)},
  howpublished = {Online},
  year =         {2014},
  note =         {\url{http://ghr.nlm.nih.gov/handbook/illustrations/xlinkrecessivemother} - acessado em 19/11/2014}
}

@MISC{bolvan2014,
  author =       {The University of Texas at Austin},
  title =        {Demos and pictures illustrating EM waves, light, and colors},
  howpublished = {Online},
  year =         {2014},
  note =         {\url{http://bolvan.ph.utexas.edu/~vadim/Classes/2014f/colors.html} - acessado em 19/11/2014}
}

@MISC{cyberscience2014,
  author =       {Institute for CyberScience},
  title =        {Organizing Color},
  howpublished = {Online},
  year =         {2014},
  note =         {\url{http://viz.aset.psu.edu/gho/sem_notes/color_2d/html/primary_systems.html} - acessado em 19/11/2014}
}

@INPROCEEDINGS{chromophore2011,
author={Ananto, B.S. and Sari, R.F. and Harwahyu, R.},
booktitle={User Science and Engineering (i-USEr), 2011 International Conference on},
title={Color transformation for color blind compensation on augmented reality system},
year={2011},
month={Nov},
pages={129-134},
%keywords={C++ language;augmented reality;handicapped aids;image colour analysis;mobile computing;user interfaces;C++ programming language;Dalton theory;EmguCV library;Ishihara method;Microsoft Expression Blend;Windows Phone 7 device;aid system;augmented reality system;barrier-free principle;color blind compensation;color blindness people;color blindness test system;color perception deficiency;color transformation;image processing technique;total color blindness people;user interface;Accuracy;Color;Image color analysis;Mobile handsets;Testing;User interfaces;Vision defects;augmented reality;color blind;color blindness test;color transformation;interface},
%doi={10.1109/iUSEr.2011.6150551},
}

@INPROCEEDINGS{wicaksana2011,
author={Wicaksana, B.A. and Sari, R.F.},
booktitle={Information Technology and Multimedia (ICIM), 2011 International Conference on},
title={Implementing text information display of detected color for partially color blinded person using .NET platform and EmguCV library},
year={2011},
month={Nov},
pages={1-6},
%keywords={augmented reality;colour vision;embedded systems;handicapped aids;image colour analysis;medical computing;mobile computing;mobile radio;network operating systems;vision defects;.NET platform;EmguCV library;HLS color model;HSV color model;RGB color model;Windows Phone 7;augmented reality;color blind aid system;color blindness helping system;color recognition;color samples;detected color;embedded system;generative deficiency;hue lightness saturation color model;hue saturation value color model;integrated color detection module;lighting condition;mobile application;partial color blind;partially color blinded person;patient disability;red green blue color model;text information display;total color blind;Color;Embedded systems;Image color analysis;Lighting;Mobile communication;Testing;Vision defects;HLS;HSV;augmented reality;color blindness;color detection;embedded system},
%doi={10.1109/ICIMU.2011.6122760},
}

@INPROCEEDINGS{manaf2012,
author={Manaf, A.S. and Sari, R.F.},
booktitle={ICT and Knowledge Engineering (ICT Knowledge Engineering), 2011 9th International Conference on},
title={Color recognition system with augmented reality concept and finger interaction: Case study for color blind aid system},
year={2012},
month={Jan},
pages={118-123},
%keywords={augmented reality;handicapped aids;image colour analysis;interactive systems;mobile computing;.NET Framework;EmguCV Wrapper;HSV color space;OpenCV library;Windows Embedded Standard 2009;YCbCr color space;augmented reality concept;color blind aid system;color recognition system;eye retina;finger interaction;fingertip detection rate;skin classification method;vision aid kit;Augmented reality;Cameras;Color;Image color analysis;Skin;Thumb;.NET Platform;EmguCV;OpenCV;Windows Embedded;augmented reality;color blindness;color recognition;embedded system;finger interaction},
%doi={10.1109/ICTKE.2012.6152389},
}

@INPROCEEDINGS{ohkubo2008,
author={Ohkubo, T. and Kobayashi, K.},
booktitle={SICE Annual Conference, 2008},
title={A color compensation vision system for color-blind people},
year={2008},
month={Aug},
pages={1286-1289},
%keywords={colour vision;computer vision;handicapped aids;abnormal color vision range;color blind people;color compensation vision system;color vision compensation system;faulty color perception;green color defective;red color defective;Cameras;Displays;High level synthesis;Image converters;Image processing;Ink;Machine vision;Statistics;Traffic control;Vision defects;color-blind people;image processing},
%doi={10.1109/SICE.2008.4654855},
}

@article{harwahyu2013,
  title={IMPLEMENTATION OF COLOR-BLIND AID SYSTEM},
  author={Harwahyu, Ruki and Manaf, Alfa Sheffildi and Ananto, Bayu Sri and Wicaksana, Burhan Adi and Sari, Riri Fitri},
  journal={Journal of Computer Science},
  volume={9},
  number={6},
  pages={794},
  year={2013}
}

@article{Vienot1999,
  title={Digital Video Colourmaps for Checking the Legibility of Displays by Dichromats},
  author={FranÃ§oise ViÃ©not, Hans Brettel,John D. Mollon},
  journal={Journal of Computer Science},
  month={January},
  year={1999}
}

@article{jlee2008,
  title={Uma ferramenta adaptativa para facilitar a visualizaÃ§Ã£o de imagens para pessoas portadoras de daltonismo},
  author={Jim Lee},
  month={Junho},
  year={2008}
}

@article{bruni2006,
  title={Sentido cromÃ¡tico: tipos de defeitos e testes de avaliaÃ§Ã£o clÃ­nica},
  author={LÃ­gia Fernanda Bruni; Antonio Augusto Velasco e Cruz},
  month={Outubro},
  year={2006},
}

%TCC-II

@MISC{googleappengine2015,
  author =       {{Google App Engine}},
  title =        {{Google App Engine}},
  howpublished = {Online},
  year =         {2015},
  note =         {\url{https://cloud.google.com/appengine/docs} - acessado em 24/03/2015}
}

@MISC{objectify2015,
  author =       {{Objectify}},
  title =        {{Objectify}},
  howpublished = {Online},
  year =         {2015},
  note =         {\url{https://code.google.com/p/objectify-appengine/} - acessado em 25/03/2015}
}

@MISC{bootstrap,
  author =       {{Bootstrap}},
  title =        {{Bootstrap}},
  howpublished = {Online},
  year =         {2015},
  note =         {\url{http://getbootstrap.com/} - acessado em 25/03/2015}
}

@MISC{processing,
  author =       {{Ben Fry and Casey Reas}},
  title =        {{Processing}},
  howpublished = {Online},
  year =         {2015},
  note =         {\url{https://processing.org/tutorials/color/} - acessado em 27/03/2015}
}



